@article{DBLP:journals/corr/LillicrapHPHETS15,
  author    = {Timothy P. Lillicrap and
               Jonathan J. Hunt and
               Alexander Pritzel and
               Nicolas Heess and
               Tom Erez and
               Yuval Tassa and
               David Silver and
               Daan Wierstra},
  title     = {Continuous control with deep reinforcement learning},
  journal   = {CoRR},
  volume    = {abs/1509.02971},
  year      = {2015},
  url       = {http://arxiv.org/abs/1509.02971},
  timestamp = {Thu, 01 Oct 2015 14:28:48 +0200},
  biburl    = {http://dblp.uni-trier.de/rec/bib/journals/corr/LillicrapHPHETS15},
  bibsource = {dblp computer science bibliography, http://dblp.org}
}

@article{DBLP:journals/corr/JaderbergCOVGK16,
  author    = {Max Jaderberg and
               Wojciech Marian Czarnecki and
               Simon Osindero and
               Oriol Vinyals and
               Alex Graves and
               Koray Kavukcuoglu},
  title     = {Decoupled Neural Interfaces using Synthetic Gradients},
  journal   = {CoRR},
  volume    = {abs/1608.05343},
  year      = {2016},
  url       = {http://arxiv.org/abs/1608.05343},
  timestamp = {Fri, 02 Sep 2016 17:46:24 +0200},
  biburl    = {http://dblp.uni-trier.de/rec/bib/journals/corr/JaderbergCOVGK16},
  bibsource = {dblp computer science bibliography, http://dblp.org}
}

@inproceedings{thomas2011policy,
  title={Policy gradient coagent networks},
  author={Thomas, Philip S},
  booktitle={Advances in Neural Information Processing Systems},
  pages={1944--1952},
  year={2011}
}